<record><leader>00000cas a22000007a 4500</leader><controlfield tag="001">20401804</controlfield><controlfield tag="008">890927d19291934nduwr ne      0    0eng d</controlfield><datafield ind1=" " ind2=" " tag="010"><subfield code="a">sn 89074301 </subfield></datafield><datafield ind1=" " ind2=" " tag="040"><subfield code="a">NOP</subfield><subfield code="b">eng</subfield><subfield code="c">NOP</subfield><subfield code="d">OCLCQ</subfield></datafield><datafield ind1=" " ind2=" " tag="042"><subfield code="a">msc</subfield></datafield><datafield ind1="0" ind2=" " tag="130"><subfield code="a">Medina citizen (Medina, N.D. : 1929)</subfield></datafield><datafield ind1="1" ind2="4" tag="245"><subfield code="a">The Medina citizen.</subfield></datafield><datafield ind1=" " ind2=" " tag="260"><subfield code="a">Medina, N.D. :</subfield><subfield code="b">W.H. Nye</subfield></datafield><datafield ind1=" " ind2=" " tag="300"><subfield code="a">6 v.</subfield></datafield><datafield ind1=" " ind2=" " tag="310"><subfield code="a">Weekly</subfield></datafield><datafield ind1="0" ind2=" " tag="362"><subfield code="a">Vol. 29, no. 1 (July 11, 1929)-v. 34, no. 22 (Nov. 22, 1934).</subfield></datafield><datafield ind1=" " ind2=" " tag="530"><subfield code="a">Available on microfilm from the State Historical Society of North Dakota.</subfield></datafield><datafield ind1=" " ind2=" " tag="752"><subfield code="a">United States</subfield><subfield code="b">North Dakota</subfield><subfield code="c">Stutsman</subfield><subfield code="d">Medina.</subfield></datafield><datafield ind1="0" ind2="0" tag="780"><subfield code="t">Kensal progress</subfield><subfield code="w">(DLC)sn 89074298</subfield></datafield></record>